<?xml version="1.0" encoding="UTF-8"?><collection xmlns="http://www.loc.gov/MARC21/slim"><record><leader>00370nam--2200145-i-4500</leader><controlfield tag="001">000035281</controlfield><controlfield tag="002">20161230</controlfield><controlfield tag="005">20170129223511</controlfield><controlfield tag="008">060222s1000------------r-----000-0-eng-d</controlfield><datafield ind1=" " ind2=" " tag="080"><subfield code="a">061.62(494):001.891:539.12</subfield></datafield><datafield ind1=" " ind2=" " tag="245"><subfield code="a">Paul Scherrer 1890-1969. Vortrage und reden</subfield></datafield><datafield ind1=" " ind2=" " tag="260"><subfield code="a">Villigen</subfield><subfield code="b">Psi</subfield><subfield code="c">1990</subfield></datafield><datafield ind1=" " ind2=" " tag="300"><subfield code="a">105 p</subfield></datafield><datafield ind1=" " ind2=" " tag="852"><subfield code="a">79839</subfield></datafield><datafield ind1=" " ind2=" " tag="CAT"><subfield code="a">SYS</subfield><subfield code="c">20170129</subfield><subfield code="h">223511</subfield></datafield></record></collection>